@ARTICLE{cho2025resource,
  author={Cho, Chuan-Wei and Pan, Meng-Shiuan},
  journal={IEEE Open Journal of the Communications Society}, 
  title={Resource Scheduling in {MU-MIMO} and {NOMA} Enabled Integrated Access and Backhaul Networks}, 
  year={2025},
  volume={6},
  number={},
  pages={551-559},
  keywords={NOMA;Routing;Resource management;Throughput;Spectral efficiency;Backhaul networks;Schedules;Relays;Spread spectrum communication;Topology;Integrated access and backhaul network;link scheduling;multi-user multiple-input and multiple-output;non-orthogonal multiple access;power allocation;routing},
  doi={10.1109/OJCOMS.2025.3525506}}

@article{cho2024efficient,
  title={Efficient downstream data dissemination in {IAB} networks with {DAG}-based topology},
  author={Cho, Chuan-Wei and Pan, Meng-Shiuan},
  journal={Wireless Networks},
  volume={31},
  number={2},
  pages={1735--1746},
  year={2025},
  publisher={Springer}
}

@article{cho2022downlink,
  title={Downlink radio resource scheduling for {OFDMA} systems with hybrid beamforming},
  author={Cho, Chuan-Wei and Pan, Meng-Shiuan},
  journal={Wireless Networks},
  volume={28},
  number={1},
  pages={273--286},
  year={2022},
  publisher={Springer}
}

@misc{ntutsheet,
  title        = {表單一覽表},
  author       = {教務處},
  year         = {Feb. 2025},
  note         = {\url{https://oaa.ntut.edu.tw/p/412-1008-12839.php?Lang=zh-tw}},
  howpublished = {臺北科技大學}
}

@misc{ntutrule,
  title        = {法規一覽表},
  author       = {教務處},
  year         = {Feb. 2025},
  note         = {\url{https://oaa.ntut.edu.tw/p/412-1008-12780.php?Lang=zh-tw}},
  howpublished = {臺北科技大學}
}

@misc{ntutlibdown,
  title        = {國立臺北科技大學博碩士論文系統--下載區},
  author       = {圖書館},
  year         = {Feb. 2025},
  note         = {\url{https://cloud.ncl.edu.tw/ntut/download.php}},
  howpublished = {臺北科技大學}
}

@misc{ieeerefguide,
  title        = {REFERENCE GUIDE},
  author       = {IEEE},
  year         = {Feb. 2025},
  note         = {\url{https://journals.ieeeauthorcenter.ieee.org/wp-content/uploads/sites/7/IEEE_Reference_Guide.pdf}},
  howpublished = {}
}

@misc{ieeebib,
  title        = {How to Use the IEEEtran BibTeX Style},
  author       = {Michael Shell},
  year         = {Feb. 2025},
  note         = {\url{https://tw.mirrors.cicku.me/ctan/macros/latex/contrib/IEEEtran/bibtex/IEEEtran_bst_HOWTO.pdf}},
  howpublished = {IEEE}
}

@misc{bibtexAlt,
  title        = {The 14 BibTeX entry types},
  author       = {Paperpile LLC},
  year         = {Accessed: Feb. 2025},
  note         = {[Online.] Available: \url{https://www.bibtex.com/e/entry-types/}},
  howpublished = {}
}

@misc{bibtex,
  title        = {The 14 BibTeX entry types},
  author       = {Paperpile LLC},
  year         = {Feb. 2025},
  url          = {https://www.bibtex.com/e/entry-types/},
  howpublished = {}
}

@misc{ntutlibcommit,
  title        = {臺北科技大學圖書館 ─ 研究生畢業專區},
  author       = {圖書館},
  year         = {Feb. 2025},
  note         = {\url{https://lib.ntut.edu.tw/sp.asp?xdurl=mp100/SLP.asp&ctNode=1604&CtUnit=460&BaseDSD=7&mp=100}},
  howpublished = {臺北科技大學}
}

@misc{latexmath,
  title        = {LaTeX/數學公式 - 維基教科書，自由的教學讀本},
  author       = {中文維基教科書},
  year         = {Feb. 2025},
  note         = {\url{https://zh.wikibooks.org/zh-tw/LaTeX/数学公式}},
  howpublished = {}
}

@misc{latextabp,
  title        = {Right alignment for p\{length\} box in tabular [duplicate]},
  author       = {gernot},
  year         = {Feb. 2025},
  note         = {\url{https://tex.stackexchange.com/questions/338009/right-alignment-for-plength-box-in-tabular}},
  howpublished = {Stack Exchange Inc}
}

@misc{latexntab,
  title        = {How does the \textbackslash{}newcolumntype command work?},
  author       = {Gonzalo Medina},
  year         = {Feb. 2025},
  note         = {\url{https://tex.stackexchange.com/questions/257128/how-does-the-newcolumntype-command-work}},
  howpublished = {Stack Exchange Inc}
}


@misc{latextabmul,
  title        = {Tables - Overleaf, Online LaTeX Editor},
  author       = {Overleaf},
  year         = {Feb. 2025},
  note         = {\url{https://www.overleaf.com/learn/latex/Tables}},
  howpublished = {}
}


@misc{latextabcomplex,
  title        = {使用Latex，跨行、跨列複雜表格的撰寫方法，使用\textbackslash{}multicolumn和\textbackslash{}multirow},
  author       = {MEMO123},
  year         = {Feb. 2025},
  note         = {\url{https://jhengjyun.blogspot.com/2011/01/latexmulticolumnmultirow.html}},
  howpublished = {Blogger}
}

\cite{latexlstoverleaf} 和 wikibooks \cite{latexlstwiki}

@misc{latexlstoverleaf,
  title        = {Code listing - Overleaf, Online LaTeX Editor},
  author       = {Overleaf},
  year         = {Feb. 2025},
  note         = {\url{https://www.overleaf.com/learn/latex/Code\_listing}},
  howpublished = {}
}

@misc{latexlstwiki,
  title        = {LaTeX/Source Code Listings - Wikibooks, open books for an open world},
  author       = {Wikibooks},
  year         = {Feb. 2025},
  note         = {\url{https://en.wikibooks.org/wiki/LaTeX/Source\_Code_Listings}},
  howpublished = {}
}

@misc{latexfunc,
  title        = {algorithm2e - How to use Function in latex algorithm? - TeX - LaTeX Stack Exchange},
  author       = {Sangeen Khan},
  year         = {Feb. 2025},
  note         = {\url{https://en.wikibooks.org/wiki/LaTeX/Source\_Code_Listings}},
  howpublished = {Stack Exchange Inc}
}

@misc{arxiv,
  title        = {arXiv.org e-Print archive},
  author       = {Cornell University},
  year         = {Feb. 2025},
  note         = {\url{https://arxiv.org/}},
  howpublished = {}
}

@misc{vaswani2023attentionneed,
      title={Attention Is All You Need}, 
      author={Ashish Vaswani and Noam Shazeer and Niki Parmar and Jakob Uszkoreit and Llion Jones and Aidan N. Gomez and Lukasz Kaiser and Illia Polosukhin},
      year={2023},
      eprint={1706.03762},
      archivePrefix={arXiv},
      primaryClass={cs.CL},
      url={https://arxiv.org/abs/1706.03762}, 
}

@misc{redmon2016lookonceunifiedrealtime,
      title={You Only Look Once: Unified, Real-Time Object Detection}, 
      author={Joseph Redmon and Santosh Divvala and Ross Girshick and Ali Farhadi},
      year={2016},
      eprint={1506.02640},
      archivePrefix={arXiv},
      primaryClass={cs.CV},
      url={https://arxiv.org/abs/1506.02640}, 
}

@ARTICLE{wang2024yolov8,
  author={Wang, Hai and Liu, Chenyu and Cai, Yingfeng and Chen, Long and Li, Yicheng},
  journal={IEEE Transactions on Instrumentation and Measurement}, 
  title={YOLOv8-QSD: An Improved Small Object Detection Algorithm for Autonomous Vehicles Based on YOLOv8}, 
  year={2024},
  volume={73},
  number={},
  pages={1-16},
  keywords={Feature extraction;YOLO;Safety;Location awareness;Autonomous vehicles;Task analysis;Resource management;2-D object detection;autonomous driving;highway traffic;image recognition},
  doi={10.1109/TIM.2024.3379090}}

@article{ge2021yolox,
  title={Yolox: Exceeding yolo series in 2021},
  author={Ge, Zheng and Liu, Songtao and Wang, Feng and Li, Zeming and Sun, Jian},
  journal={arXiv preprint arXiv:2107.08430},
  year={2021}
}

@unpublished{ge2021yoloxAlt,
  title        = {{YOLO}x: Exceeding {YOLO} series in 2021},
  author       = {Ge, Zheng and Liu, Songtao and Wang, Feng and Li, Zeming and Sun, Jian},
  year         = {2021},
  note         = {\itshape arXiv:2107.08430}
}

@misc{bibtexsty,
  title        = {BibTeX bibliography style: IEEEtran},
  author       = {Paperpile LLC},
  year         = {Feb. 2025},
  url          = {https://www.bibtex.com/s/bibliography-style-ieeetran-ieeetran/},
  howpublished = {}
}

@misc{bibsty,
  title        = {Bibtex bibliography styles - Overleaf, Online LaTeX Editor},
  author       = {Overleaf},
  year         = {Feb. 2025},
  url          = {https://www.overleaf.com/learn/latex/Bibtex_bibliography_styles},
  howpublished = {}
}

@misc{ieeebibAlt,
  title        = {How to Use the {IEEEtran} {BibTeX} Style},
  author       = {Michael Shell},
  year         = {Feb. 2025},
  note         = {\url{https://tw.mirrors.cicku.me/ctan/macros/latex/contrib/IEEEtran/bibtex/IEEEtran_bst_HOWTO.pdf}},
  howpublished = {IEEE}
}